<?xml version="1.0" encoding="UTF-8"?><collection xmlns="http://www.loc.gov/MARC21/slim"><record><leader>00556nam--2200133-i-4500</leader><controlfield tag="001">000010118</controlfield><controlfield tag="002">20161230</controlfield><controlfield tag="005">20161230201028</controlfield><controlfield tag="008">060222s1000------------r-----000-0-eng-d</controlfield><datafield ind1=" " ind2=" " tag="245"><subfield code="a">Transport theory.proceedings of a symposium in applied mathematics of the american mathematic al society and the society for industrial and applied mathematics, held in new york city, ap ril 5-8, 1967..</subfield></datafield><datafield ind1=" " ind2=" " tag="260"><subfield code="a">Providence, Rhode Island, American Mathematica L Society, 1969. V + 327 P</subfield></datafield><datafield ind1=" " ind2=" " tag="490"><subfield code="a">Siam-ams Proceedings</subfield></datafield><datafield ind1=" " ind2=" " tag="700"><subfield code="a">Bellman, Richard /S.A.</subfield></datafield><datafield ind1=" " ind2=" " tag="852"><subfield code="a">36597</subfield></datafield></record></collection>